@book{Eva04,
  author = {Evans, Eric},
  keywords = {ddd design domain driven dsl fluent interface},
  publisher = {Addison-Wesley},
  title = {Domain-Driven Design: Tackling Complexity in the Heart of Software},
  year = 2004
}

@book{Mar08,
  address = {Upper Saddle River, NJ},
  author = {Martin, Robert C.},
  isbn = {978-0-13235-088-4},
  publisher = {Prentice Hall},
  series = {Robert C. Martin Series},
  title = {Clean Code: A Handbook of Agile Software Craftsmanship},
  year = 2008
}

