@Inbook{OW17a,
  author="Ottmann, Thomas
and Widmayer, Peter",
  title="Grundlagen",
  bookTitle="Algorithmen und Datenstrukturen",
  year="2017",
  publisher="Springer Berlin Heidelberg",
  address="Berlin, Heidelberg",
  pages="1--78",
  abstract="In der Informatik unterscheidet man {\"u}blicherweise zwischen Verfahren zur L{\"o}sung von Problemen und ihrer Implementation in einer bestimmten Programmiersprache auf bestimmten Rechnern. Man nennt die Verfahren Algorithmen. Sie sind das zentrale Thema der Informatik.",
  isbn="978-3-662-55650-4",
  doi="10.1007/978-3-662-55650-4_1",
  url="https://doi.org/10.1007/978-3-662-55650-4_1"
}


@Inbook{OW17e,
  author="Ottmann, Thomas
and Widmayer, Peter",
  title="B{\"a}ume",
  bookTitle="Algorithmen und Datenstrukturen",
  year="2017",
  publisher="Springer Berlin Heidelberg",
  address="Berlin, Heidelberg",
  pages="259--402",
  abstract="B{\"a}ume geh{\"o}ren zu den wichtigsten in der Informatik auftretenden Datenstrukturen. Entscheidungsb{\"a}ume, Syntaxb{\"a}ume, Ableitungsb{\"a}ume, Kodeb{\"a}ume, spannende B{\"a}ume, baumartig strukturierte Suchr{\"a}ume, Suchb{\"a}ume und viele andere belegen die Allgegenwart von B{\"a}umen. Wir haben in den vorangehenden Kapiteln bereits mehrfach B{\"a}ume als intuitives Konzept benutzt, so z. B. zur Erl{\"a}uterung des Sortierverfahrens Heapsort in Abschnitt 2.3, beim Nachweis unterer Schranken f{\"u}r das Sortierproblem in Abschnitt 2.8 und beim Bin{\"a}rbaum-Sondieren in Abschnitt 4.3.4.",
  isbn="978-3-662-55650-4",
  doi="10.1007/978-3-662-55650-4_5",
  url="https://doi.org/10.1007/978-3-662-55650-4_5"
}

