@article{Lis87,
  title={Keynote address - data abstraction and hierarchy},
  DOI={10.1145/62138.62141},
  journal={Addendum to the proceedings on Object-oriented programming systems, languages and applications (Addendum)&nbsp; - OOPSLA â€™87},
  author={Liskov, Barbara},
  year={1987}
}
